@article{article-example,
    author =       "Something",
    title =        "Something",
    journal =      "Something",
    volume =       "Something",
    number =       "Something",
    pages =        "Something",
    year =         "Something",
    DOI =          "http://dx.doi.org/10.1002/andp.19053221004"
}

@book{book-example,
    author    = "Something",
    title     = "Something",
    year      = "Something",
    publisher = "Something",
    address   = "Something"
}

@misc{website:knp-wiki,
    author    = "en.wikipedia.org",
    title     = "Knuth-Morris-Pratt algorithm",
    howpublished = {\url{https://en.wikipedia.org/wiki/Knuth_Morris_Pratt_algorithm}}
}

@misc{website:bm-wiki,
    author    = "en.wikipedia.org",
    title     = "Boyer-Moore string search algorithm",
    howpublished = {\url{https://en.wikipedia.org/wiki/Boyer_Moore_string_search_algorithm}},
    urldate = {2017-10-30}
}